@inproceedings{dannenberg,
  title={An on-line algorithm for real-time accompaniment},
  author={Dannenberg, Roger B},
  booktitle={{I}nternational {C}omputer {M}usic {C}onference},
  volume={84},
  pages={193--198},
  year={1984}
}

@article{de-poli,
  title={Methodologies for expressiveness modelling of and for music performance},
  author={De Poli, Giovanni},
  journal={Journal of New Music Research},
  volume={33},
  number={3},
  pages={189--202},
  year={2004},
  publisher={Taylor \& Francis}
}

@article{horowitz,
  title={In search of the Horowitz factor},
  author={Widmer, Gerhard and Dixon, Simon and Goebl, Werner and Pampalk, Elias and Tobudic, Asmir},
  journal={AI Magazine},
  volume={24},
  number={3},
  pages={111},
  year={2003}
}

@article{tappingfriend,
  title={TAPPINGFRIEND--AN INTERACTIVE SCIENCE EXHIBIT FOR EXPERIENCING SYNCHRONICITY WITH REAL AND ARTIFICIAL PARTNERS},
  author={Goebl, Werner and Guggenberger, Dominikus},
  journal={Proceedings of the Third Vienna Talk on Music Acoustics},
  address = {Vienna},
  publisher = {University of Music and Performing Arts Vienna},
  pages={227--230},
  year={2015}
}

@article{nakamura,
  title={Real-time audio-to-score alignment of music performances containing errors and arbitrary repeats and skips},
  author={Nakamura, Tomohiko and Nakamura, Eita and Sagayama, Shigeki},
  journal={IEEE/ACM Transactions on Audio, Speech and Language Processing (TASLP)},
  volume={24},
  number={2},
  pages={329--339},
  year={2016},
  publisher={IEEE Press}
}

@article{jadam,
  title={The {AD}aptation and {A}nticipation Model ({ADAM}) of sensorimotor synchronization},
  author={Steen, Marieke C and Keller, Peter E},
  journal={Frontiers in Human Neuroscience},
  volume={7},
  number={253},
  pages={1--15},
  year={2013},
  publisher={Frontiers Media SA},
  doi = {10.3389/fnhum.2013.00253},
}

@article{jadam2,
  title={Sensorimotor synchronization with tempo-changing auditory sequences: Modeling temporal adaptation and anticipation},
  author={van der Steen, MC Marieke and Jacoby, Nori and Fairhurst, Merle T and Keller, Peter E},
  journal={Brain {R}esearch},
  volume={1626},
  pages={66--87},
  year={2015},
  publisher={Elsevier}
}

@article{social-music,
  title={What can music tell us about social interaction?},
  author={Dâ€™Ausilio, Alessandro and Novembre, Giacomo and Fadiga, Luciano and Keller, Peter E},
  journal={Trends in cognitive sciences},
  volume={19},
  number={3},
  pages={111--114},
  year={2015},
  publisher={Elsevier}
}

@article{basis-dynamics,
  title={An evaluation of linear and non-linear models of expressive dynamics in classical piano and symphonic music},
  author={Cancino-Chac{\'o}n, Carlos Eduardo and Gadermaier, Thassilo and Widmer, Gerhard and Grachten, Maarten},
  journal={Machine Learning},
  volume={106},
  number={6},
  pages={887--909},
  year={2017},
  publisher={Springer}
}

@article{manifesto,
  title={Getting closer to the essence of music: The {C}on {E}spressione manifesto},
  author={Widmer, Gerhard},
  journal={ACM Transactions on Intelligent Systems and Technology (TIST)},
  volume={8},
  number={2},
  pages={19},
  year={2016},
  publisher={ACM}
}

@inproceedings{raphael2010music,
  title={Music plus one and machine learning},
  author={Raphael, Christopher},
  booktitle={Proceedings of the 27th {I}nternational {C}onference on {M}achine {L}earning {(ICML-10)}},
  pages={21--28},
  year={2010}
}

@incollection{bishop2,
  author      = {Christopher M. Bishop},
  title       = {Neural Networks},
  editor      = {Christopher M. Bishop},
  booktitle   = {{P}attern {R}ecognition and {M}achine {L}earning},
  publisher   = {Springer},
  address = {New York},
  year        =  {2006},
  pages       = {225--290},
  chapter     = {5},
}

@incollection{bishop,
  author      = {Christopher M. Bishop},
  title       = {Sequential Data},
  editor      = {Christopher M. Bishop},
  booktitle   = {{P}attern {R}ecognition and {M}achine {L}earning},
  publisher   = {Springer},
  address = {New York},
  year        =  {2006},
  pages       = {605--652},
  chapter     = {13},
}


@incollection{keller-stuff,
  author      = {Peter Keller},
  title       = {Ensemble Performance: Interpersonal Alignment of Musical Expression},
  editor      = {Dorottya Fabian and Renee Timmers and Emery Schubert},
  booktitle   = {{E}xpressiveness in {M}usic {P}erformance: {E}mpirical {A}pproaches {A}cross {S}tyles and {C}ultures},
  publisher   = {Oxford University Press},
  address = {Oxford},
  year        =  {2014},
  pages       = {260--282},
  chapter     = {15},
}

@incollection{laura,
  author      = {Laura Bishop and Werner Goebl},
  title       = {Music and Movement: Musical Instruments and Performers},
  editor      = {Richard Ashley and Renee Timmers},
  booktitle   = {The {R}outledge {C}ompanion to {M}usic {C}ognition},
  publisher   = {Routledge},
  year        = {2017},
  pages       = {349--361},
  chapter     = {29},
}

@inproceedings{basis,
  title = {The Basis Mixer: A Computational Romantic Pianist},
  author = {Cancino Chac\'{o}n, Carlos and Grachten, Maarten},
  booktitle = {Proceedings of the 17th {I}nternational {S}ociety for {M}usic {I}nformation {R}etrieval {C}onference},
  note = {Late Breaking/Demo extended abstract},
  organization = {ISMIR},
  year = 2016,
}

@article{music-score-alignment,
    author =       "Roger B. Dannenberg and Christopher Raphael",
    title =        "Music Score Alignment and Computer Accompaniment",
    journal =      "Communications of the {ACM} -- {M}usic information retrieval",
    volume =       "49",
    number =       "8",
    pages =        "38--43",
    year =         "2006",
    DOI =          "10.1145/1145287.1145311"
}



%Templates:
\iffalse

@article{dick,
    author =       "Albert Einstein",
    title =        "{Zur Elektrodynamik bewegter K{\"o}rper}. ({German})
        [{On} the electrodynamics of moving bodies]",
    journal =      "Annalen der Physik",
    volume =       "322",
    number =       "10",
    pages =        "891--921",
    year =         "1905",
    DOI =          "http://dx.doi.org/10.1002/andp.19053221004"
}


 
@book{latexcompanion,
    author    = "Michel Goossens and Frank Mittelbach and Alexander Samarin",
    title     = "The \LaTeX\ Companion",
    year      = "1993",
    publisher = "Addison-Wesley",
    address   = "Reading, Massachusetts"
}
 
@misc{knuthwebsite,
    author    = "Donald Knuth",
    title     = "Knuth: Computers and Typesetting",
    url       = "http://www-cs-faculty.stanford.edu/\~{}uno/abcde.html",
    year = "2115"
}

\fi